@article{emcee,
   author = {{Foreman-Mackey}, D. and {Hogg}, D.~W. and {Lang}, D. and {Goodman}, J.},
    title = {emcee: The MCMC Hammer},
  journal = {PASP},
     year = 2013,
   volume = 125,
    pages = {306-312},
   eprint = {1202.3665},
      doi = {10.1086/670067}
}

@article{GandW,
	author = {{Goodman}, J. and {Weare}, J.},
    title = {Ensemble Samplers with Affince Invariance},
    journal = {Commun. Appl. Math. Comput. Sci.},
    year = 2010,
    volume = 5,
    pages = {65-80},
    doi = {10.2140/camcos.2010.5.65}
}
@article{mog,
     jstor_articletype = {research-article},
     title = {Replacing Standard Galaxy Profiles with Mixtures of Gaussians},
     author = {Hogg, David W. and Lang, Dustin},
     journal = {Publications of the Astronomical Society of the Pacific},
     jstor_issuetitle = {},
     volume = {125},
     number = {928},
     jstor_formatteddate = {June 2013},
     pages = {pp. 719-730},
     year = {2013},
     publisher = {The University of Chicago Press on behalf of the Astronomical Society of the Pacific},
     copyright = {Copyright Â© 2013 The University of Chicago Press},
}

@INPROCEEDINGS{astroML,
  author={{Vanderplas}, J.T. and {Connolly}, A.J.
          and {Ivezi{\'c}}, {\v Z}. and {Gray}, A.},
  booktitle={Conference on Intelligent Data Understanding (CIDU)},
  title={Introduction to astroML: Machine learning for astrophysics},
  month={oct.},
  pages={47 -54},
  doi={10.1109/CIDU.2012.6382200},
  year={2012}
}

@BOOK{astroMLText,
  title={Statistics, Data Mining and Machine Learning in Astronomy},
  author={{Ivezi{\'c}}, {\v Z}. and {Connolly}, A.J.
          and {Vanderplas}, J.T. and {Gray}, A.},
  publisher={Princeton University Press},
  location={Princeton, NJ},
  year={2014}
}
